@MASTERSTHESIS {andrasretzler2014,
    author = "András Retzler",
    title  = "Software Defined Radio Receiver Application with Web-based Interface",
    school = "Budapest University of Technology and Economics",
    year   = "2014"
}
@CONFERENCE {gr-lora2018,
    author    = "Pieter Robyns and Peter Quax and Wim Lamottea and William Thenaers",
    title     = "A Multi-Channel Software Decoder for the LoRa Modulation Scheme",
    booktitle = "Conference: 3rd International Conference on Internet of Things, Big Data and Security",
    year      = "2018"
}
@CONFERENCE {rtl2017,
    author    = "Madhuram Mishra and Anjali Potnis and Prashant Dwivedy and Sunil Kumar Meena",
    title     = "Software Defined Radio Based Receivers Using RTL - SDR: A Review",
    booktitle = "International conference on Recent Innovations is Signal Processing and Embedded Systems",
    year      = "2017"
}
@ARTICLE {sdr2008,
    author  = "Alan C. Tribble",
    title   = "The Software Defined Radio: Fact and Fiction",
    journal = "IEEE",
    year    = "2008"
}
@INPROCEEDINGS {sdr2006,
    author    = "Bertalan Eged and Benjamin Babják",
    title     = "Universal Software Defined Radio Development Platform",
    booktitle = "Dynamic Communications Management",
    year      = "2006"
}
@ONLINE {sdrHistory2010,
    author = "Nutaq",
    title  = "A short history of software-defined radio (SDR) technology",
    year   = "2010",
    url    = "https://www.nutaq.com/blog/short-history-software-defined-radio-sdr-technology"
}
@ARTICLE {directdown2013,
    author  = "Kyung-wan Nam",
    title   = "Direct Down-Conversion System with I/Q Correction",
    journal = "SLWU085–July 2013",
    year    = "2013"
}
@ONLINE {rtlhistory2016,
    author = "roklobsta",
    title  = "Welcome to the rtlsdr.org wiki!",
    year   = "2016",
    url    = "https://rtlsdr.org/#history\_and\_discovery\_of\_rtlsdr"
}
@ONLINE {rtlhistory2018,
    author = "coherent-receiver",
    title  = "RTL-SDR Introduction",
    year   = "2018",
    url    = "https://coherent-receiver.com/publications"
}
@ONLINE {tapr,
    author = "tapr",
    title  = "HPSDR Mercury tech specification",
    url    = "https://www.tapr.org/kits\_merc.html"
}
@ONLINE {etusresearch,
    author = "Etus Research",
    title  = "USRP B205mini-i",
    url    = "https://kb.ettus.com/B200/B210/B200mini/B205mini"
}
@ONLINE {nuand,
    author = "Nuand",
    title  = "bladeRF 2.0 micro",
    url    = "https://www.nuand.com/bladerf-2-0-micro/"
}
@ONLINE {hackrf,
    author = "Michael Ossmann",
    title  = "HackRF, an open source SDR platform",
    year   = "2013",
    url    = "https://www.kickstarter.com/projects/mossmann/hackrf-an-open-source-sdr-platform"
}
@ONLINE {airspy,
    author = "Airspy",
    title  = "What is Airspy?",
    url    = "https://airspy.com/"
}
@ONLINE {sdrreview2016,
    author = "rtl-sdr.com admin",
    title  = "REVIEW: AIRSPY VS. SDRPLAY RSP VS. HACKRF",
    year   = "2016",
    url    = "https://www.rtl-sdr.com/review-airspy-vs-sdrplay-rsp-vs-hackrf/"
}
@ONLINE {itead,
    author = "ITEAD",
    title  = "Airspy R2",
    url    = "https://www.itead.cc/airspy.html"
}
@ONLINE {sdrshowdown,
    author = "Taylor Killian",
    title  = "SDR Showdown: HackRF vs. bladeRF vs. USRP",
    year   = "2013",
    url    = "http://www.taylorkillian.com/2013/08/sdr-showdown-hackrf-vs-bladerf-vs-usrp.html"
}
@ARTICLE {schmidlcox1997,
    author  = "T.M. Schmidl and D.C. Cox",
    title   = "Robust frequency and timing synchronization for OFDM",
    journal = "EEE Transactions on Communications",
    year    = "1997",
    volume  = "45",
    pages   = "1613-1621",
    month   = "dec"
}
@CONFERENCE {gr-lora2016,
    author    = "MATT KNIGHT",
    title     = "Reversing LoRa: Exploring NextGeneration Wireless",
    booktitle = "GRCon",
    year      = "2016"
}
@ONLINE {limesdrlora,
    author = "Josh Blum",
    title  = "LoRa modem with LimeSDR",
    month  = "jun",
    year   = "2016",
    url    = "https://myriadrf.org/blog/lora-modem-limesdr/"
}
@CONFERENCE {sigfoxsystem,
    author    = "Juan Carlos Zuniga and Benoit Ponsard",
    title     = "SIGFOX System Description",
    booktitle = "IETF 96",
    year      = "2016",
    month     = "jul",
    note      = "https://www.ietf.org/proceedings/96/slides/slides-96-lpwan-10.pdf"
}
@ONLINE {dbpsk,
    author = "Jay Miller and Justin Wesley and Matt Frazier",
    title  = "Differential Binary Phase Shift Keying",
    url    = "http://www.cryptofreak.org/projects/mod-chal/dbpsk.php"
}
@ONLINE {sigfoxprotocol,
    author = "Paul Disk91",
    title  = "The Sigfox radio protocol",
    month  = "nov",
    year   = "2017",
    url    = "https://www.disk91.com/2017/technology/sigfox/the-sigfox-radio-protocol/"
}
@ONLINE {osmocom,
    author = "Steve Markgraf and Dimitri Stolnikov and Hoernchen",
    title  = "rtl-sdr",
    url    = "https://osmocom.org/projects/rtl-sdr/wiki/Rtl-sdr"
}
@ONLINE {rtlsdrcom,
    author = "rtl-sdr.com",
    title  = "BUY RTL-SDR DONGLES (RTL2832U)",
    url    = "https://www.rtl-sdr.com/buy-rtl-sdr-dvb-t-dongles/"
}
@ONLINE {autodesk2018,
    author = "Autodesk",
    title  = "Revoluční cloudová 3D CAD aplikace. Vytvářejte cokoliv.",
    year   = "2018",
    url    = "https://www.fusion360.cz/"
}
@ONLINE {cadstudio,
    author = "CAD Studio",
    title  = "Autodesk Fusion 360 - cloudový 3D CAD/CAM/CAE",
    url    = "https://www.cadstudio.cz/fusion360"
}
@ONLINE {rtlmus,
    author = "Simonyi Károly",
    title  = "RTL Multi-User Server",
    year   = "2014",
    url    = "https://github.com/simonyiszk/rtl\_mus"
}
@ARTICLE {iotnetwroks2015,
    author  = "Claire Goursaud and Jean-Marie Gorce",
    title   = "Dedicated networks for IoT : PHY / MAC state of the art and challenges",
    journal = "EAI endorsed transactions on Internet of Things,",
    year    = "2015",
    month   = "nov"
}
@ONLINE {cybertools2016,
    author = "cyber tools",
    title  = "scapy-radio",
    year   = "2016",
    url    = "https://bitbucket.org/cybertools/scapy-radio/src"
}
@ONLINE {powerpi,
    author = "Raspberry Pi Dramble",
    title  = "Power Consumption Benchmarks",
    url    = "https://www.pidramble.com/wiki/benchmarks/power-consumption"
}
@ONLINE {powerLCD,
    author = "52-Pi",
    title  = "5-Inch-800x480-HDMI-TFT-LCD-Touch-Screen",
    url    = "https://wiki.52pi.com/index.php?title=5-Inch-800x480-HDMI-TFT-LCD-Touch-Screen\_SKU:Z-0053"
}
@ONLINE {loraalliance,
    author = "LoRa Alliance",
    title  = "LoRa Alliance technology",
    url    = "https://www.lora-alliance.org/technology"
}
@ONLINE {loraalliance2,
    author = "LoRa Alliance",
    title  = "LoRaWAN™ White Papers",
    url    = "https://www.lora-alliance.org/lorawan-white-papers"
}
@ONLINE {iotportalLora,
    author = "IoT Portal",
    title  = "LoRaWAN",
    month  = "feb",
    year   = "2016",
    url    = "https://www.iot-portal.cz/2016/02/29/lorawan/"
}
@ONLINE {cralora,
    author = "České Radiokomunikace",
    title  = "Služby IoT",
    url    = "https://cra.cz/sluzby-iot"
}
@TECHREPORT {sigfox2017,
    author      = "Sigfox",
    title       = "Sigfox Technical Overview",
    institution = "Sigfox",
    year        = "2017",
    month       = "may",
    note        = "https://www.disk91.com/wp-content/uploads/2017/05/4967675830228422064.pdf"
}
@TECHREPORT {sigsec,
    author      = "Sigfox",
    title       = "Make things come alive in a secure way",
    institution = "Sigfox",
    year        = "2017",
    month       = "feb",
    note        = "https://www.sigfox.com/sites/default/files/1701-SIGFOX-White\_Paper\_Security.pdf"
}
@ONLINE {iotportalSigfox,
    author = "IoT Portal",
    title  = "Sigfox",
    month  = "feb",
    year   = "2016",
    url    = "https://www.iot-portal.cz/2016/02/26/sigfox/"
}
@ONLINE {simplecell,
    author = "Simplecell",
    title  = "Simplecell - connecting things",
    url    = "https://simplecell.eu/"
}
@ONLINE {wolrdsigfox,
    author = "Sigfox",
    title  = "SIGFOX has you covered.",
    url    = "https://www.sigfox.com/en/coverage"
}
@ONLINE {iotportal,
    author = "IoT Portal",
    title  = "Mapa pokrytí",
    url    = "https://www.iot-portal.cz/mapa-pokryti/"
}
@ONLINE {statista2018,
    author = "Statista",
    title  = "Internet of Things (IoT) connected devices installed base worldwide from 2015 to 2025 (in billions)",
    month  = "feb",
    year   = "2018",
    url    = "https://www.statista.com/statistics/471264/iot-number-of-connected-devices-worldwide/"
}
@ONLINE {sifoxdecr,
    author = "Juan Carlos Zuniga and Benoit Ponsard",
    title  = "Sigfox System Description",
    url    = "https://datatracker.ietf.org/meeting/97/materials/slides-97-lpwan-25-sigfox-system-description-00"
}
@ONLINE {perrylea,
    author = "Perry Lea",
    title  = "Essential Technical guide of Sigfox protocol: Network architecture, interfaces, protocol stack",
    url    = "https://www.survivingwithandroid.com/2018/07/sigfox-protocol-network-architecture-iot-protocol-stack.html"
}
@ONLINE {pieterrobynson,
    author = "Pieter Robynson",
    title  = "gr-lora",
    url    = "https://github.com/rpp0/gr-lora"
}
@ONLINE {gnuradio,
    author = "Gnu Radio",
    title  = "Main page",
    url    = "https://wiki.gnuradio.org/index.php/Main\_Page"
}
@ONLINE {flaskwiki,
    author = "Wikipedia",
    title  = "Flask (web framework)",
    url    = "https://en.wikipedia.org/wiki/Flask\_(web\_framework)"
}
@ONLINE {mattknight,
    author = "Matt Knight",
    title  = "GNU Radio OOT module implementing the LoRa PHY",
    url    = "https://github.com/BastilleResearch/gr-lora"
}
@ONLINE {opensource,
    author = "Opensource.com",
    title  = "What is a Raspberry Pi?",
    url    = "https://opensource.com/resources/raspberry-pi"
}
@ONLINE {conorlyons2015,
    author = "Conor Lyons",
    title  = "A History Of The Raspberry Pi",
    month  = "mar",
    year   = "2015",
    url    = "http://novadigitalmedia.com/history-raspberry-pi/"
}
@UNPUBLISHED {ja,
    author = "Ondřej Šulc",
    title  = "Přehled technologií pro IoT",
    note   = "Projekt",
    year   = "2018"
}